@online{ateez_pirateking,
    author    = {ATEEZ},
    title     = {Pirate King},
    year      = {2018},
    url       = {https://www.youtube.com/watch?v=RqJ1rH9M5G0&pp=ygURYXRlZXogcGlyYXRlIGtpbmc%3D},
}

@online{ateez_saymyname,
    author    = {ATEEZ},
    title     = {Say My Name},
    year      = {2019},
    url       = {https://www.youtube.com/watch?v=nKU4OVH18mE&pp=ygURYXRlZXogc2F5IG15IG5hbWU%3D},
}

@online{ateez_halahala,
    author    = {ATEEZ},
    title     = {Hala Hala},
    year      = {2019},
    url       = {https://www.youtube.com/watch?v=QbjmVyP9RFg&pp=ygUPYXRlZXogaGFsYSBoYWxh},
}

@online{ateez_wave,
    author    = {ATEEZ},
    title     = {Wave},
    year      = {2019},
    url       = {https://www.youtube.com/watch?v=FIInyEWWW-s&pp=ygUKYXRlZXogd2F2ZQ%3D%3D},
}

@online{ateez_illusion,
    author    = {ATEEZ},
    title     = {Illusion},
    year      = {2020},
    url       = {https://www.youtube.com/watch?v=i_HzsHss94E&pp=ygUOYXRlZXogaWxsdXNpb24%3D},
}

@online{ateez_answer,
    author    = {ATEEZ},
    title     = {Answer},
    year      = {2020},
    url       = {https://www.youtube.com/watch?v=FIInyEWWW-s&pp=ygUKYXRlZXogd2F2ZQ%3D%3D},
}

@online{ateez_thanxx,
    author    = {ATEEZ},
    title     = {Thanxx},
    year      = {2021},
    url       = {https://www.youtube.com/watch?v=K7LY9Ta0eiY&pp=ygUMYXRlZXogdGhhbnh4},
}

@online{ateez_dejavu,
    author    = {ATEEZ},
    title     = {Deja Vu},
    year      = {2022},
    url       = {https://www.youtube.com/watch?v=nlnMDttgTbk&pp=ygUNYXRlZXogZGVqYSB2dQ%3D%3D},
}

@online{ateez_guerilla,
    author    = {ATEEZ},
    title     = {Guerilla},
    year      = {2022},
    url       = {https://www.youtube.com/watch?v=2HcVZm_4qAI&pp=ygUOYXRlZXogZ3VlcmlsbGE%3D},
}

@online{ateez_inception,
    author    = {ATEEZ},
    title     = {Inception},
    year      = {2020},
    url       = {https://www.youtube.com/watch?v=2NArH91kHoQ&pp=ygUPYXRlZXogaW5jZXB0aW9u},
}

@online{ateezwiki,
  title     = {ATEEZ Wikipedia},
  year      = {2024},
  url       = {https://en.wikipedia.org/wiki/Ateez#Awards_and_nominations},
}

@online{ateezawards,
  author    = {ST1CKYQUI3TT on KProfiles.com},
  title     = {ATEEZ Awards History},
  year      = {2024},
  url       = {https://kprofiles.com/ateez-awards-history/},
}

@online{ateezjonghoapplecracking,
    author  = {ATEEZ Jongho},
    title   = {ATEEZ(에이티즈) - Is It Still Beautiful(여전히 아름다운지) (Sketchbook) | KBS WORLD TV 210917},
    year    = {2021},
    url     = {https://www.youtube.com/watch?v=lLg5-gvAorQ&pp=ygUMam9uZ2hvIGFwcGxl},
}